@misc{htt,
  author = {Lurie, Jacob},
  publisher = {Princeton University Press},
  title = {Higher Topos Theory},
  year = {2009}
}

@misc{harary,
  author = {Frank Harary and Edgar M. Palmer},
  publisher = {Academic Press, Inc.},
  title = {Graphical Enumeration},
  year = {1973}
}

@misc{polya,
  author = {Huisinga, Mollee},
  title = {P\'{o}lya's Counting Theory},
  url = {https://courses.mai.liu.se/GU/TATA55/Dokument/Huisinga.pdf},
  year = {2012}
}

@misc{kuratowski,
  author = {Radcliffe, Mary},
  title = {Math 228: Kuratowski's Theorem},
  url = {https://www.math.cmu.edu/~mradclif/teaching/228F16/Kuratowski.pdf}
}

@misc{superalg,
  author = {Westra, D.B.},
  title = {Structure of Super Hopf Algebras},
  url = {https://www.mat.univie.ac.at/~westra/superhopfalg.pdf},
  urldate = {2023-08-14},
  organization = {www.mat.univie.ac.at}
}

@misc{kerodon,
  author = {Jacob Lurie},
  title = {Kerodon},
  howpublished = {\url{https://kerodon.net}},
  year = {2025},
}

@misc{context,
  author = {Riehl, Emily},
  title = {Category Theory in Context},
  url = {https://emilyriehl.github.io/files/context.pdf},
  year = {2016}
}

@misc{quantum_groups,
  author = {Kassel, Christian},
  publisher = {Springer},
  title = {Quantum Groups},
  year = {1995}
}

@misc{murasugi,
  author = {Murasugi, Kunio},
  publisher = {Birk\"{a}user},
  title = {Knot Theory and Its Applications},
  year = {1996}
}

@misc {knotatlas,
Author = {Bar-Natan, Dror and Morrison, Scott and et al.},
title = {The {K}not {A}tlas},
url = {http://katlas.org},
}

@misc{acyclic,
  author =   {{nLab (Urs Schreiber)}},
  title =    {acyclic Kan fibration},
  howpublished = {\url{https://ncatlab.org/nlab/show/acyclic+Kan+fibration}},
  note =     {\href{https://ncatlab.org/nlab/show/acyclic+Kan+fibration/5}{Revision 5}},
  year =     2023
}
  
  @misc{cartesian,
  author = {{nLab authors}},
  title = {{{C}}artesian morphism},
  howpublished = {\url{https://ncatlab.org/nlab/show/Cartesian+morphism}},
  note = {\href{https://ncatlab.org/nlab/revision/Cartesian+morphism/52}{Revision 52}},
  year = 2025
}